@online{DigitRecognizer,
  author = {Kirill Kliavin},
  title = {TensorFlow deep NN},
  year = 2016,
  url = {https://www.kaggle.com/kakauandme/digit-recognizer/tensorflow-deep-nn},
  urldate = {2016-04-04}
}
